<?xml version="1.0" encoding="UTF-8"?><collection xmlns="http://www.loc.gov/MARC21/slim"><record><leader>00493nam--2200181-u-4500</leader><controlfield tag="001">000056558</controlfield><controlfield tag="002">20161230</controlfield><controlfield tag="005">20161230201052</controlfield><controlfield tag="008">151112s1000------------r-----000-0-eng-d</controlfield><datafield ind1=" " ind2=" " tag="040"><subfield code="a">IFIN-HH</subfield></datafield><datafield ind1=" " ind2=" " tag="080"><subfield code="a">53(021)</subfield></datafield><datafield ind1="1" ind2=" " tag="100"><subfield code="a">Gray, Dwight E</subfield></datafield><datafield ind1="1" ind2="0" tag="245"><subfield code="a">American institute of physics handbook</subfield><subfield code="c">Dwight e. gray (ed.)</subfield></datafield><datafield ind1=" " ind2=" " tag="250"><subfield code="a">Second Edition</subfield></datafield><datafield ind1=" " ind2=" " tag="260"><subfield code="a">New York</subfield><subfield code="b">Mcgraw-hill Book Company, Inc</subfield><subfield code="c">1963</subfield></datafield><datafield ind1=" " ind2=" " tag="300"><subfield code="a">XV+PAG.DIF</subfield></datafield><datafield ind1=" " ind2=" " tag="852"><subfield code="a">12611</subfield><subfield code="c">53.081</subfield></datafield><datafield ind1=" " ind2=" " tag="CAT"><subfield code="a">Sys</subfield><subfield code="c">20151112</subfield><subfield code="h">111032</subfield></datafield></record></collection>